@misc{argsvalidnovel2022,
  Author       = {Philipp Heinisch},
  Title        = {Shared task on predicting validity and novelty of arguments},
  Year         = 2022,
  howpublished = "\url{https://phhei.github.io/ArgsValidNovel/}",
  note         = {accessed 12-August-2023}
}

@article{mohammad2017stance,
  title={Stance and sentiment in tweets},
  author={Mohammad, Saif M and Sobhani, Parinaz and Kiritchenko, Svetlana},
  journal={ACM Transactions on Internet Technology (TOIT)},
  volume={17},
  number={3},
  pages={1--23},
  year={2017},
  publisher={ACM New York, NY, USA}
}

@misc{languagemodels2023,
  title={N-gram Language Models},
  author={Daniel Jurafsky, James H. Martin},
  year={2023},
  note={accessed 14-August-2023},
  howpublished="\url{https://web.stanford.edu/~jurafsky/slp3/3.pdf}"
}

@article{bert,
  author       = {Jacob Devlin and
                  Ming{-}Wei Chang and
                  Kenton Lee and
                  Kristina Toutanova},
  title        = {{BERT:} Pre-training of Deep Bidirectional Transformers for Language
                  Understanding},
  journal      = {CoRR},
  volume       = {abs/1810.04805},
  year         = {2018},
  url          = {http://arxiv.org/abs/1810.04805},
  eprinttype   = {arXiv},
  eprint       = {1810.04805},
  timestamp    = {Tue, 30 Oct 2018 20:39:56 +0100},
  biburl       = {https://dblp.org/rec/journals/corr/abs-1810-04805.bib},
  bibsource    = {dblp computer science bibliography, https://dblp.org}
}

@article{roberta,
  author       = {Yinhan Liu and
                  Myle Ott and
                  Naman Goyal and
                  Jingfei Du and
                  Mandar Joshi and
                  Danqi Chen and
                  Omer Levy and
                  Mike Lewis and
                  Luke Zettlemoyer and
                  Veselin Stoyanov},
  title        = {RoBERTa: {A} Robustly Optimized {BERT} Pretraining Approach},
  journal      = {CoRR},
  volume       = {abs/1907.11692},
  year         = {2019},
  url          = {http://arxiv.org/abs/1907.11692},
  eprinttype   = {arXiv},
  eprint       = {1907.11692},
  timestamp    = {Thu, 01 Aug 2019 08:59:33 +0200},
  biburl       = {https://dblp.org/rec/journals/corr/abs-1907-11692.bib},
  bibsource    = {dblp computer science bibliography, https://dblp.org}
}

@inproceedings{lgbm,
 author = {Ke, Guolin and Meng, Qi and Finley, Thomas and Wang, Taifeng and Chen, Wei and Ma, Weidong and Ye, Qiwei and Liu, Tie-Yan},
 booktitle = {Advances in Neural Information Processing Systems},
 editor = {I. Guyon and U. Von Luxburg and S. Bengio and H. Wallach and R. Fergus and S. Vishwanathan and R. Garnett},
 pages = {},
 publisher = {Curran Associates, Inc.},
 title = {LightGBM: A Highly Efficient Gradient Boosting Decision Tree},
 url = {https://proceedings.neurips.cc/paper_files/paper/2017/file/6449f44a102fde848669bdd9eb6b76fa-Paper.pdf},
 volume = {30},
 year = {2017}
}

@article{xgboost,
  author       = {Tianqi Chen and
                  Carlos Guestrin},
  title        = {XGBoost: {A} Scalable Tree Boosting System},
  journal      = {CoRR},
  volume       = {abs/1603.02754},
  year         = {2016},
  url          = {http://arxiv.org/abs/1603.02754},
  eprinttype    = {arXiv},
  eprint       = {1603.02754},
  timestamp    = {Sat, 17 Dec 2022 01:15:28 +0100},
  biburl       = {https://dblp.org/rec/journals/corr/ChenG16.bib},
  bibsource    = {dblp computer science bibliography, https://dblp.org}
}

@misc{gradboost,
  author={Jason Brownlee},
  title={A Gentle Introduction to the Gradient Boosting Algorithm for Machine Learning},
  year=2016,
  note={accessed 14-August-2023},
  howpublished={\url{https://machinelearningmastery.com/gentle-introduction-gradient-boosting-algorithm-machine-learning/}}
}

@article{metrics,
  author = {Hossin, Mohammad and M.N, Sulaiman},
  year = {2015},
  month = {03},
  pages = {01-11},
  title = {A Review on Evaluation Metrics for Data Classification Evaluations},
  volume = {5},
  journal = {International Journal of Data Mining \& Knowledge Management Process},
  doi = {10.5121/ijdkp.2015.5201}
}

@misc{confusion,
  title={Was ist die Konfusionsmatrix?},
  year=2022,
  howpublished={\url{https://databasecamp.de/ki/konfusionsmatrix#:~:text=positiven%20Schnelltest%20haben.-,Was%20ist%20eine%20Confusion%20Matrix%3F,man%20das%20Testset%20des%20Datensatzes.}}, 
  note={accessed 14-August-2023}
}

@article{stancedata,
  author       = {Shai Gretz and
                  Roni Friedman and
                  Edo Cohen{-}Karlik and
                  Assaf Toledo and
                  Dan Lahav and
                  Ranit Aharonov and
                  Noam Slonim},
  title        = {A Large-scale Dataset for Argument Quality Ranking: Construction and
                  Analysis},
  journal      = {CoRR},
  volume       = {abs/1911.11408},
  year         = {2019},
  url          = {http://arxiv.org/abs/1911.11408},
  eprinttype   = {arXiv},
  eprint       = {1911.11408},
  timestamp    = {Tue, 03 Dec 2019 20:41:07 +0100},
  biburl       = {https://dblp.org/rec/journals/corr/abs-1911-11408.bib},
  bibsource    = {dblp computer science bibliography, https://dblp.org}
}

@misc{ibm,
  titel = {Project Debater Datasets},
  howpublished={\url{https://research.ibm.com/haifa/dept/vst/debating_data.shtml#Argument_Quality}},
  note={accessed 16-August-2023}
}

@misc{chatgpt,
  author={Open AI},
  title={Introducing ChaptGPT},
  howpublished={\url{https://openai.com/blog/chatgpt}},
  note={accessed 16-August-2023}
}

@misc{bertprepro,
  author={Huggingface},
  title={Tokenizer},
  howpublished={\url{https://huggingface.co/docs/transformers/main_classes/tokenizer}},
  note={accessed 16-August-2023}
}

@misc{berttraining,
  author={Huggingface},
  title={Text Classification},
  howpublished={\url{https://huggingface.co/docs/transformers/tasks/sequence_classification}},
  note={accessed 29-August-2023}
}

@misc{bertmask,
  author={Huggingface},
  title={BERT},
  howbublished={\url{https://huggingface.co/docs/transformers/v4.32.1/en/model_doc/bert#transformers.BertForMaskedLM}},
  note={accessed 30-August-2023}
}

  
@inproceedings{bertimpl,
author = {Wolf, Thomas and Debut, Lysandre and Sanh, Victor and Chaumond, Julien and Delangue, Clement and Moi, Anthony and Cistac, Perric and Ma, Clara and Jernite, Yacine and Plu, Julien and Xu, Canwen and Le Scao, Teven and Gugger, Sylvain and Drame, Mariama and Lhoest, Quentin and Rush, Alexander M.},
month = oct,
pages = {38--45},
publisher = {Association for Computational Linguistics},
title = {{Transformers: State-of-the-Art Natural Language Processing}},
url = {https://www.aclweb.org/anthology/2020.emnlp-demos.6},
year = {2020}
}

@misc{lgbmimportance,
	author={Microsoft},
	title={LightGBM Feature Importance},
	howpublished={\url{https://github.com/microsoft/LightGBM/blob/master/python-package/lightgbm/basic.py\#L4491}},
	note={accessed 19-September-2023; Method for feature importance}
}